

@inproceedings {foote2013,
        title = {tf: The transform library},
        booktitle = {Technologies for Practical Robot Applications (TePRA), 2013 IEEE International Conference on},
        series = {Open-Source Software workshop},
        year = {2013},
        month={April}, 
        pages={1-6}, 
        author = {Foote, Tully},
        doi={10.1109/TePRA.2013.6556373}, 
        ISSN={2325-0526}
}

@inproceedings{quigley2009,
  title={ROS: an open-source Robot Operating System},
  author={Quigley, Morgan and Conley, Ken and Gerkey, Brian and Faust, Josh and Foote, Tully and Leibs, Jeremy and Wheeler, Rob and Ng, Andrew},
  booktitle={ICRA workshop on open source software},
  volume={3},
  pages={5},
  year={2009}
}

